<?xml version="1.0" encoding="UTF-8"?><collection xmlns="http://www.loc.gov/MARC21/slim"><record><leader>00432nam--2200133-i-4500</leader><controlfield tag="001">000039436</controlfield><controlfield tag="002">20161230</controlfield><controlfield tag="005">20161230201042</controlfield><controlfield tag="008">060222s1000------------r-----000-0-eng-d</controlfield><datafield ind1=" " ind2=" " tag="080"><subfield code="a">621.039.512(047.3)</subfield></datafield><datafield ind1=" " ind2=" " tag="100"><subfield code="a">Rocca-volmerange, Brigitte</subfield></datafield><datafield ind1=" " ind2=" " tag="245"><subfield code="a">Approximation q  du ralentissement dans les reacteurs nucleaires a neutrons rapides. these</subfield></datafield><datafield ind1=" " ind2=" " tag="260"><subfield code="a">Paris, Orsa, L`Univ.De Paris-sud Centre D`Orsay, 1975, 180p</subfield></datafield><datafield ind1=" " ind2=" " tag="852"><subfield code="a">43973</subfield></datafield></record></collection>